<?xml version="1.0" encoding="UTF-8"?><collection xmlns="http://www.loc.gov/MARC21/slim"><record><leader>00404nam--2200133-i-4500</leader><controlfield tag="001">000017972</controlfield><controlfield tag="002">20161230</controlfield><controlfield tag="005">20161230201032</controlfield><controlfield tag="008">060222s1000------------r-----000-0-eng-d</controlfield><datafield ind1=" " ind2=" " tag="080"><subfield code="a">537.635(043)</subfield></datafield><datafield ind1=" " ind2=" " tag="100"><subfield code="a">Ference, M., Lemon, H. B., Stephenson, R.J</subfield></datafield><datafield ind1=" " ind2=" " tag="245"><subfield code="a">Analytical experimental physics. 2-nd revised edition</subfield></datafield><datafield ind1=" " ind2=" " tag="260"><subfield code="a">Chicago, The University Of Chicago Press, 1956. Xv + 622 P</subfield></datafield><datafield ind1=" " ind2=" " tag="852"><subfield code="a">12762</subfield></datafield></record></collection>